<?xml version="1.0" encoding="UTF-8"?><collection xmlns="http://www.loc.gov/MARC21/slim"><record><leader>00449nam--2200145-i-4500</leader><controlfield tag="001">000013794</controlfield><controlfield tag="002">20161230</controlfield><controlfield tag="005">20161230201030</controlfield><controlfield tag="008">060222s1000------------r-----000-0-eng-d</controlfield><datafield ind1=" " ind2=" " tag="080"><subfield code="a">537.533.35(047.3)</subfield></datafield><datafield ind1=" " ind2=" " tag="245"><subfield code="a">Cathodolumiscence studies of dislocation motio n in ii  compounds deformed in sem</subfield></datafield><datafield ind1=" " ind2=" " tag="260"><subfield code="a">Tokyo, Inst.For Solid State Physics, 1980. 27 P</subfield></datafield><datafield ind1=" " ind2=" " tag="490"><subfield code="a">Issp Series A</subfield></datafield><datafield ind1=" " ind2=" " tag="700"><subfield code="a">Koji Maeda, Kiyokazu Nakagawa /S.A.</subfield></datafield><datafield ind1=" " ind2=" " tag="852"><subfield code="a">19409</subfield></datafield></record></collection>